<record><leader>00000cas a22000007a 4500</leader><controlfield tag="001">12102581</controlfield><controlfield tag="008">850531d19uu19uuiauwn ne      0    0eng d</controlfield><datafield ind1=" " ind2=" " tag="010"><subfield code="a">sn 85050812 </subfield></datafield><datafield ind1=" " ind2=" " tag="040"><subfield code="a">INP</subfield><subfield code="b">eng</subfield><subfield code="c">INP</subfield><subfield code="d">OCLCQ</subfield></datafield><datafield ind1=" " ind2=" " tag="042"><subfield code="a">msc</subfield></datafield><datafield ind1="0" ind2="4" tag="245"><subfield code="a">The McCallsburg star.</subfield></datafield><datafield ind1=" " ind2=" " tag="260"><subfield code="a">McCallsburg, Iowa :</subfield><subfield code="b">Students of McCallsburg High School</subfield></datafield><datafield ind1=" " ind2=" " tag="300"><subfield code="a">v. :</subfield><subfield code="b">ill. ;</subfield><subfield code="c">56 cm.</subfield></datafield><datafield ind1=" " ind2=" " tag="310"><subfield code="a">Weekly (during school year)</subfield></datafield><datafield ind1=" " ind2=" " tag="500"><subfield code="a">"A community newspaper published by its high school."</subfield></datafield><datafield ind1=" " ind2=" " tag="500"><subfield code="a">Editors: Virgil Hougen, &lt;Sept. 21, 1921-Apr. 19, 1922&gt;; Sadie Pearson, &lt;Oct. 11, 1922&gt;-May 2, 1923.</subfield></datafield><datafield ind1=" " ind2=" " tag="588"><subfield code="a">Description based on: Vol. 2, no. 1 (Sept. 21, 1921).</subfield></datafield><datafield ind1="2" ind2=" " tag="710"><subfield code="a">McCallsburg High School.</subfield></datafield><datafield ind1=" " ind2=" " tag="752"><subfield code="a">United States</subfield><subfield code="b">Iowa</subfield><subfield code="c">Story</subfield><subfield code="d">McCallsburg.</subfield></datafield><datafield ind1="1" ind2=" " tag="029"><subfield code="a">AU@</subfield><subfield code="b">000025787609</subfield></datafield></record>